<?xml version="1.0" encoding="UTF-8"?><collection xmlns="http://www.loc.gov/MARC21/slim"><record><leader>00695nam--2200193-i-4500</leader><controlfield tag="001">000039174</controlfield><controlfield tag="002">20161230</controlfield><controlfield tag="005">20170105163355</controlfield><controlfield tag="008">060222s1000------------r-----000-0-eng-d</controlfield><datafield ind1=" " ind2=" " tag="020"><subfield code="a">0295954558</subfield></datafield><datafield ind1=" " ind2=" " tag="040"><subfield code="a">IFIN-HH</subfield></datafield><datafield ind1=" " ind2=" " tag="080"><subfield code="a">539.186(061.3)</subfield></datafield><datafield ind1="1" ind2=" " tag="100"><subfield code="a">Risley, John S</subfield></datafield><datafield ind1="1" ind2="0" tag="245"><subfield code="a">The physics of electronic and atomic collisions</subfield><subfield code="b">Invited lectures, review papers and progress of the IX. International Conference on the Physics of electronics and atomic collisions, Seattle 24-30 July 1975</subfield><subfield code="c">John S. Risley, R. Geballe</subfield></datafield><datafield ind1=" " ind2=" " tag="260"><subfield code="a">Washington</subfield><subfield code="b">University Of Washington Press</subfield><subfield code="c">1976</subfield></datafield><datafield ind1=" " ind2=" " tag="300"><subfield code="a">902 p</subfield></datafield><datafield ind1="1" ind2=" " tag="700"><subfield code="a">Geballe, R</subfield></datafield><datafield ind1=" " ind2=" " tag="852"><subfield code="a">46569</subfield><subfield code="c">539.18</subfield></datafield><datafield ind1=" " ind2=" " tag="CAT"><subfield code="a">SYS</subfield><subfield code="c">20170105</subfield><subfield code="h">163355</subfield></datafield></record></collection>